% This file was created with JabRef 2.10b2.
% Encoding: ISO8859_1


@Article{Alnaes_etal_2014,
  Title                    = {{Unified Form Language: A domain-specific language for weak formulations of partial differential equations}},
  Author                   = {Aln{{\ae}}s, M. S. and Logg, A. and {{\O}}lgaard, K. B. and Rognes, M. E. and Wells, G. N.},
  Journal                  = {ACM Transactions on Mathematical Software},
  Year                     = {2014},
  Number                   = {2},
  Volume                   = {40},

  Owner                    = {christian},
  Timestamp                = {2013.05.02}
}

@TechReport{Balay_etal_2006,
  Title                    = {{PETSc Users Manual}},
  Author                   = {Balay, S. and Brown, J. and Buschelman, K. and Eijkhout, V. and Gropp, W. D. and Kaushik, D. and Knepley, M. G. and McInnes, L. C. and Smith, B. F. and Zhang, H.},
  Institution              = {{Argonne National Laboratory}},
  Year                     = {2006},
  Number                   = {ANL-95/11 Revision 2.3.2.},

  Owner                    = {christian},
  Timestamp                = {2013.05.20}
}

@Article{Deardorff_1970,
  Title                    = {{A numerical study of three-dimensional turbulent channel flow at large Reynolds numbers}},
  Author                   = {Deardorff, J.},
  Journal                  = {Journal of Fluid Mechanics},
  Year                     = {1970},
  Number                   = {2},
  Pages                    = {453-480},
  Volume                   = {41},

  Doi                      = {10.1017/S0022112070000691},
  Owner                    = {christian},
  Timestamp                = {2013.05.02}
}

@Article{Flather_1976,
  Title                    = {{A tidal model of the northwest European continental shelf}},
  Author                   = {Flather, R. A.},
  Journal                  = {{Memoires de la Soci\'{e}t\'{e} Royale des Sciences de Li\`{e}ge}},
  Year                     = {1976},
  Number                   = {6},
  Pages                    = {141--164},
  Volume                   = {10},

  Owner                    = {christian},
  Timestamp                = {2013.05.14}
}

@Electronic{ImperialCollegeLondon_2013,
  Title                    = {{The Firedrake Project}},
  Author                   = {{Imperial College London}},
  Url                      = {http://firedrakeproject.org/},
  Year                     = {2013},

  Owner                    = {christian},
  Timestamp                = {2014.02.02}
}

@PhdThesis{Rathgeber_Submitted,
  Title                    = {{Productive and Efficient Computational Science Through Domain-specific Abstractions}},
  Author                   = {Rathgeber, F.},
  School                   = {Imperial College London},
  Year                     = {Submitted},

  Owner                    = {christian},
  Timestamp                = {2014.08.08}
}

@InProceedings{Rathgeber_etal_2012,
  Title                    = {{PyOP2: A High-Level Framework for Performance-Portable Simulations on Unstructured Meshes}},
  Author                   = {Florian Rathgeber and Graham R. Markall and Lawrence Mitchell and Nicolas Loriant and David A. Ham and Carlo Bertolli and Paul H.J. Kelly},
  Booktitle                = {{High Performance Computing, Networking Storage and Analysis, SC Companion}},
  Year                     = {2012},
  Pages                    = {1116-1123},
  Publisher                = {IEEE Computer Society},

  Owner                    = {christian},
  Timestamp                = {2014.08.13}
}

@Article{Smagorinsky_1963,
  Title                    = {{General Circulation Experiments with the Primitive Equations}},
  Author                   = {Smagorinsky, J.},
  Journal                  = {Monthly Weather Review},
  Year                     = {1963},
  Number                   = {3},
  Pages                    = {99-164},
  Volume                   = {91},

  Doi                      = {10.1175/1520-0493(1963)091<0099:GCEWTP>2.3.CO;2},
  Owner                    = {christian},
  Timestamp                = {2013.05.02}
}

